<?xml version="1.0" encoding="UTF-8"?><collection xmlns="http://www.loc.gov/MARC21/slim"><record><leader>00396nam--2200157-i-4500</leader><controlfield tag="001">000011295</controlfield><controlfield tag="002">20161230</controlfield><controlfield tag="005">20170220172403</controlfield><controlfield tag="008">060222s1000------------r-----000-0-eng-d</controlfield><datafield ind1=" " ind2=" " tag="100"><subfield code="a">Dan, Ion</subfield></datafield><datafield ind1=" " ind2=" " tag="245"><subfield code="a">Redresoare cu semiconductoare</subfield></datafield><datafield ind1=" " ind2=" " tag="260"><subfield code="a">Bucuresti</subfield><subfield code="b">Ed.Tehnica</subfield><subfield code="c">1975</subfield></datafield><datafield ind1=" " ind2=" " tag="300"><subfield code="a">300 p</subfield></datafield><datafield ind1=" " ind2=" " tag="700"><subfield code="a">Moseanu, Alexandru</subfield></datafield><datafield ind1=" " ind2=" " tag="852"><subfield code="a">621.314.6:537.311.33</subfield></datafield><datafield ind1=" " ind2=" " tag="CAT"><subfield code="a">SYS</subfield><subfield code="c">20170220</subfield><subfield code="h">172403</subfield></datafield></record></collection>